<record><leader>00000cas a2200000 a 4500</leader><controlfield tag="001">11793938</controlfield><controlfield tag="008">850312d18851888ksuwr ne      0   a0eng d</controlfield><datafield ind1=" " ind2=" " tag="010"><subfield code="a">sn 85029898 </subfield></datafield><datafield ind1=" " ind2=" " tag="040"><subfield code="a">KSH</subfield><subfield code="b">eng</subfield><subfield code="c">KSH</subfield><subfield code="d">NPT</subfield><subfield code="d">OCL</subfield><subfield code="d">OCLCQ</subfield></datafield><datafield ind1=" " ind2=" " tag="042"><subfield code="a">msc</subfield></datafield><datafield ind1="0" ind2=" " tag="130"><subfield code="a">People's friend (Salem, Kan.)</subfield></datafield><datafield ind1="1" ind2="4" tag="245"><subfield code="a">The people's friend.</subfield></datafield><datafield ind1=" " ind2=" " tag="260"><subfield code="a">Salem, Kan. :</subfield><subfield code="b">People's Friend Pub. Co.,</subfield><subfield code="c">1885-</subfield></datafield><datafield ind1=" " ind2=" " tag="300"><subfield code="a">v. :</subfield><subfield code="b">ill. ;</subfield><subfield code="c">50-55 cm.</subfield></datafield><datafield ind1=" " ind2=" " tag="310"><subfield code="a">Weekly</subfield></datafield><datafield ind1="0" ind2=" " tag="362"><subfield code="a">Vol. 1, no. 1 (May 20, 1885)-</subfield></datafield><datafield ind1="1" ind2=" " tag="362"><subfield code="a">Ceased in 1888.</subfield></datafield><datafield ind1=" " ind2=" " tag="500"><subfield code="a">Published by: George H. Lockwood, May 27-June 3, 1885; People's Friend Pub. Co., June 10-Aug. 26, 1885; M.L. Lockwood, Sept. 2, 1885-</subfield></datafield><datafield ind1=" " ind2=" " tag="500"><subfield code="a">"Republican," May 20, 1885-Feb. 23, 1888; "Union Labor," Mar. 1, 1888-</subfield></datafield><datafield ind1=" " ind2=" " tag="500"><subfield code="a">Published in Reamsville, Kan., Oct. 20, 1887-Feb. 23, 1888; Athol, Kan., Mar. 8, 1888-</subfield></datafield><datafield ind1=" " ind2=" " tag="752"><subfield code="a">United States</subfield><subfield code="b">Kansas</subfield><subfield code="c">Jewell</subfield><subfield code="d">Salem.</subfield></datafield><datafield ind1=" " ind2=" " tag="752"><subfield code="a">United States</subfield><subfield code="b">Kansas</subfield><subfield code="c">Smith</subfield><subfield code="d">Reamsville.</subfield></datafield><datafield ind1=" " ind2=" " tag="752"><subfield code="a">United States</subfield><subfield code="b">Kansas</subfield><subfield code="c">Smith</subfield><subfield code="d">Athol.</subfield></datafield><datafield ind1="0" ind2="4" tag="785"><subfield code="t">Union labor trumpet</subfield><subfield code="w">(DLC)sn 85032296</subfield></datafield></record>